@book{1-1,
	author = {余敏},
	title = {出版集团研究},
	type = {M},
	location = {北京},
	publisher = {中国书籍出版社},
	year = {2001},
	pages = {179-193},
	userf = {zh}
}

@book{1-2,
	author = {昂温, G. and 昂温, P. S.},
	title = {外国出版史},
	translator = {陈生铮},
	type = {M},
	location = {北京},
	publisher = {中国书籍出版社},
	year = {1988},
	userf = {zh}
}

@report{1-3,
	author = {全国文献工作标准化技术委员会第七分委员会},
	title = {GB/T 5795--1986 中国标准书号},
	type = {S},
	location = {北京},
	publisher = {中国标准出版社},
	year = {1986},
	userf = {zh}
}

@book{1-4,
	author = {辛希孟},
	title = {信息技术与信息服务国际研讨会论文集：A 集},
	type = {C},
	location = {北京},
	publisher = {中国社会科学出版社},
	year = {1994}
}

@thesis{1-5,
	author = {孙玉文},
	title = {汉语变调构词研究},
	type = {D},
	location = {北京},
	publisher = {北京大学出版社},
	year = {2000}
}

@book{1-6,
	author = {顾炎武},
	title = {昌平山水记；京东考古录},
	type = {M},
	location = {北京},
	publisher = {北京古籍出版社},
	year = {1982}
}

@book{1-7,
	author = {王夫之},
	title = {宋论（刻本）},
	type = {M},
	location = {金陵},
	publisher = {曽氏},
	year = {1845（清同治四年）}
}

@book{1-8,
	author = {赵耀东},
	title = {新时代的工业工程师},
	type = {M/OL},
	location = {台北},
	publisher = {天下文化出版社},
	year = {1998},
	url = {http://ie.nthu.edu.tw/info/ie.newie.htm},
	urldate = {1998-09-26}
}

@book{1-9,
	author = {Piggot, T. M.},
	title = {The cataloguer's way through AACR2: from document receipt to document retrieval},
	type = {M},
	location = {London},
	publisher = {The Library Association},
	year = {1990}
}

@book{1-10,
	author = {Peebles, Jr., P. Z.},
	title = {Probability, random variable, and random signal principles (4th ed.)},
	type = {M},
	location = {New York},
	publisher  = {McGraw Hill},
	year = {2001}
}

@proceedings{1-11,
	editor = {Yufin, S. A.},
	title = {Geoecology and computers: proceedings of the Third International Conference on Advance of Computer Methods in Geotechnical and Geoenvironmental Engineering, Moscow, Russia, February 1--4, 2000},
	type = {C},
	location = {Rotterdam},
	publisher = {A. A. Balkema}
}

@incollection{2-1,
	author = {程根伟},
	title = {1998 年长江洪水的成因与减灾对策},
	type = {M},
	bookauthor = {许厚泽 and 赵其国},
	booktitle = {长江流域洪涝灾害与科技对策},
	location = {北京},
	publisher = {科学出版社},
	year = {1999},
	pages = {32-36}
}

@incollection{2-2,
	author = {陈晋镶 and 张惠民 and 朱士兴 and 其它作者},
	title = {蓟县震旦亚界研究},
	type = {M},
	bookauthor = {中国地质科学院天津地质矿产研究所},
	booktitle = {中国震旦亚界},
	location = {天津},
	publisher = {天津科学技术出版社},
	year = {1980},
	pages = {56-114}
}

@incollection{2-3,
	author = {白书农},
	title = {植物开花研究},
	type = {M},
	bookauthor = {李承森},
	booktitle = {植物科学进展},
	location = {北京},
	publisher = {高等教育出版社},
	year = {1998},
	pages = {146-163}
}

@incollection{2-4,
	author = {马克思},
	title = {关于《工资、价格和利润》的报告札记},
	type = {M},
	bookauthor = {马克思 and 恩格斯},
	booktitle = {马克思恩格斯全集：第44卷},
	location = {北京},
	publisher = {人民出版社},
	year = {1982},
	pages = {505}
}

@inproceedings{2-5,
	author = {钟文发},
	title = {非线性规划在可燃毒物配置中的应用},
	type = {C},
	bookauthor = {赵玮},
	booktitle = {运筹学的理论与应用：中国运筹学会第五届大会论文集},
	location = {西安},
	publisher = {西安电子科技大学出版社},
	year = {1996},
	pages = {468-471}
}

@incollection{2-6,
	author = {Weinstein, L. and Swertz, M. N.},
	title = {Pathogenic properties of invading microorganism},
	type = {M},
	bookauthor = {Sodeman, Jr., W. A. and Sodeman, W. A.},
	booktitle = {Pathologic physiology: mechanisms of disease},
	location = {Philadelphia},
	publisher = {Saunders},
	year = {1974},
	pages = {745-772}
}

@periodical{3-1,
	author = {中国地质学会},
	title = {地质论评},
	type = {J},
	year = {1936},
	volume = {1},
	number = {1},
	location = {北京},
	publisher = {地质出版社}
}

@periodical{3-2,
	author = {中国图书馆学会},
	title = {图书馆学通讯},
	type = {J},
	year = {1957},
	number = {1},
	location = {北京},
	publisher = {北京图书馆}
}

@periodical{3-4,
	author = {{American Association for the Advancement of Science}},
	title = {Science},
	type = {J},
	year = {1883},
	volume = {1},
	number = {1},
	location = {Washington, D. C.},
	publisher = {American Association for the Advancement of Science}
}

@article{4-1,
	author = {李晓东 and 张庆红 and 叶瑾琳},
	title = {气候学研究的若干理论问题},
	type = {J},
	journal = {北京大学学报：自然科学版},
	year = {1999},
	volume = {35},
	number = {1},
	pages = {101-106}
}

@article{4-2,
	author = {刘武 and 郑良 and 姜础},
	title = {元谋古猿牙齿测量数据的统计分析及其在分类研究上的意义},
	type = {J},
	journal = {科学通报},
	year = {1999},
	volume = {44},
	number = {23},
	pages = {2481-2488}
}

@article{4-3,
	author = {傅刚 and 赵承 and 李佳路},
	title = {大风沙过后的思考},
	type = {N/OL},
	journal = {北京青年报},
	date = {2000-04-12},
	url = {http: //www.bjyouth.com.cn/Bgb/20000412/GB/4216\%5ED0412B1401.htm},
	urldate = {2005-07-12}
}

@article{4-4,
	author = {莫少强},
	title = {数字式中文全文文献格式的设计与研究},
	type = {J/OL},
	journal = {情报学报},
	year = {1999},
	volume = {18},
	number = {4},
	pages = {1-6},
	url = {http://periodical.wanfangdata.com.cn/periodical/qbxb/qbxb99/qbxb9904/990407.htm},
	urldate = {2001-07-08}
}

@article{4-5,
	author = {Kanamori, H.},
	title = {Shaking without quaking},
	type = {J},
	journal = {Science},
	year = {1998},
	volume = {279},
	number = {5359},
	pages = {2063-2064}
}

@article{4-6,
	author = {Caplan, P.},
	title = {Cataloging internet resources},
	type = {J},
	journal = {The Public Access Computer Systems Review},
	year = {1993},
	volume = {4},
	number = {2},
	pages = {61-66}
}

@patent{5-1,
	author = {姜锡洲},
	title = {一种温热外敷药制备方案},
	type = {P},
	location = {中国},
	number = {88105607.3},
	date = {1989-07-26}
}

@patent{5-2,
	author = {西安电子科技大学},
	title = {光折变自适应光外差探测方法},
	type = {P/OL},
	location = {中国},
	number = {01128777.2},
	date = {2002-03-06},
	url = {http://211.152.9.47/sipoasp/zljs/hyjs-yx-new.asp?recid=01128777.2\&Ieixin=0},
	urldate = {2002-05-28}
}

@patent{5-3,
	author = {Tachibana, R. and Shimizu, S. and Kobayshi, S. and Other Authors},
	title = {Electronic watermarking method and system},
	type = {P/OL},
	location = {US},
	number = {6,915,001},
	date = {2002-04-25},
	url = {http://patftuspto.gov/nemcgi/nph-Parser?Sectl=PT02\&Sect2=HITOFF\&p=1\&u=/netahmrl/search-bool.huml\&r=1\&f=G\&1=50\&col=AND\&d=ptxt\&sl='Electronic+watermarking+method+systern'.TTL.\&OS=TTL/},
	urldate = {2002-05-28}
}

@online{6-1,
	title = {PACS-L: the public- access computer systems forum},
	type = {EB/OL},
	location = {Houston, Tex},
	publisher = {University of Houston Libraries},
	year = {1989},
	url = {http://info.lib.uh.edu/pacsl.html},
	urldate = {1995-05-17}
}

@online{6-2,
	author = {Online Computer Library Center, Inc.},
	title = {History of OCLC},
	type = {EB/OL},
	url = {http://www.oclc.org/about/history/default.htm},
	urldate = {2000-01-08}
}

@online{6-3,
	author = {Hopkinson, A.},
	title = {UNIMARC and metadsta: Dublin Core},
	type = {EB/OL},
	url = {http://www.ifla.org/IV/ifla64/138-161e.htm},
	urldate = {1999-12-08}
}

